@techreport{compendium,
    author      = "Computer Architecture and Design Group",
    title       = "Lab Exercises in TDT4258 Energy Efficient Computer Systems",
    institution = "Department of Computer and Information Science, NTNU",
    year        = "2014"
}

@techreport{exercise1report,
    author      = "Mathias Ose and Øyvind Robertsen and Jørn-Egil Jensen",
    title       = "Exercise 1 - Buttons and LEDs",
    institution = "Department of Computer and Information Science, NTNU",
    year        = "2014"
}

@misc{efm32ggref,
    author  = "Silicon Labs",
    title   = "EFM32GG Reference Manual",
    year    = "2013",
    month   = "October"
}

@misc{notefreqs,
    author = {{B. H. Suits, Physics Department, Michigan Technological University}},
    title = "Frequencies for equal-tempered scale, A4 = 440 Hz",
    year = "1998"
}
