@techreport{compendium,
    author      = "Computer Architecture and Design Group",
    title       = "Lab Exercises in TDT4258 Energy Efficient Computer Systems",
    institution = "Department of Computer and Information Science, NTNU",
    year        = "2014"
}

@techreport{exercise1report,
    author      = "Mathias Ose and Øyvind Robertsen and Jørn-Egil Jensen",
    title       = "Exercise 1 - Buttons and LEDs",
    institution = "Department of Computer and Information Science, NTNU",
    year        = "2014"
}

@techreport{exercise2report,
    author      = "Mathias Ose and Øyvind Robertsen",
    title       = "Exercise 2",
    institution = "Department of Computer and Information Science, NTNU",
    year        = "2014"
}

@techreport{ptxdistguru,
    author      = "Pengutronix e.K.",
    title       = "How to become a PTXdist Guru",
    year        = "2012"
}

@misc{efm32ggref,
    author  = "Silicon Labs",
    title   = "EFM32GG Reference Manual",
    year    = "2013",
    month   = "October"
}

@misc{2048,
    author          = "Gabriel Cirulli",
    title           = "2048",
    year            = "2014",
    month           = "April",
    howpublished    = "\url{http://gabrielecirulli.github.io/2048/}"
}

@book{ldd,
    author      = "Jonathan Corbet and Alessandro Rubini and Greg Kroah-Hartman",
    title       = "Linux Device Drivers",
    year        = "2005",
    publisher   = "O'Reilly Media Inc."
}
