@techreport{compendium,
    author      = "Computer Architecture and Design Group",
    title       = "Lab Exercises in TDT4258 Energy Efficient Computer Systems",
    institution = "Department of Computer and Information Science, NTNU",
    year        = "2014"
}

@misc{cr2032,
    author  = "Anonymous",
    title   = "CR2032 Lithium Battery",
    year    = "2010",
    month   = "April",
    howpublished = "\url{http://www.cr2032battery.org/cr2032-lithium-battery/}"
}

@misc{cr2032spec,
    author    = "POWER GLORY BATTERY TECH (HK) CO., LTD.",
    title     = "SPECIFICATION FOR LITHIUM BATTERY Model: CR2032",
    howpublished = "\url{http://www.farnell.com/datasheets/1496885.pdf}"
}
